Arrival time estimation, ML, in Vehicle Routing Setting
@unknown{Hildebrandt2020_EAT,
	author = {Hildebrandt, Florentin and Ulmer, Marlin},
	year = {2020},
	month = {08},
	pages = {},
	title = {Supervised Learning for Arrival Time Estimations in Restaurant Meal Delivery}
}
@article{UlmerBarrett2017_TWAP,
	author = {Ulmer, Marlin and Thomas, Barrett},
	year = {2018},
	month = {03},
	pages = {},
	title = {Enough Waiting for the Cable Guy - Estimating Arrival Times for Service Vehicle Routing},
	journal = {Transportation Science}
}
@inbook{Zhu2020_OFCTE,
	author = {Zhu, Lin and Yu, Wei and Zhou, Kairong and Wang, Xing and Feng, Wenxing and Wang, Pengyu and Chen, Ning and Lee, Pei},
	title = {Order Fulfillment Cycle Time Estimation for On-Demand Food Delivery},
	year = {2020},
	isbn = {9781450379984},
	publisher = {Association for Computing Machinery},
	address = {New York, NY, USA},
	url = {https://doi.org/10.1145/3394486.3403307}
}
Arrival Time Estimation with ML:
@ARTICLE{Wu2004_SVR,
	author={ {Chun-Hsin Wu} and  {Jan-Ming Ho} and D. T. {Lee}},
	journal={IEEE Transactions on Intelligent Transportation Systems}, 
	title={Travel-time prediction with support vector regression}, 
	year={2004},
	volume={5},
	number={4},
	pages={276-281},
	doi={10.1109/TITS.2004.837813}
},
@article{Chen2004_ANNKalman,
	author = {Chen, Mei and Liu, Xiaobo and Xia, Jingxin and Chien, Steven I.},
	title = {A Dynamic Bus-Arrival Time Prediction Model Based on APC Data},
	journal = {Computer-Aided Civil and Infrastructure Engineering},
	volume = {19},
	number = {5},
	pages = {364-376},
	doi = {https://doi.org/10.1111/j.1467-8667.2004.00363.x},
	url = {https://onlinelibrary.wiley.com/doi/abs/10.1111/j.1467-8667.2004.00363.x},
	eprint = {https://onlinelibrary.wiley.com/doi/pdf/10.1111/j.1467-8667.2004.00363.x},
	year = {2004}
},	
@inproceedings{Wang2018_WDR,
	author = {Wang, Zheng and Fu, Kun and Ye, Jieping},
	title = {Learning to Estimate the Travel Time},
	year = {2018},
	isbn = {9781450355520},
	publisher = {Association for Computing Machinery},
	address = {New York, NY, USA},
	url = {https://doi.org/10.1145/3219819.3219900},  [Titel anhand dieser DOI in Citavi-Projekt Ã¼bernehmen] 
	doi = {10.1145/3219819.3219900}
}
@Article{Salari2020,
	author= { Salari, Nooshin and  Liu, Sheng and Shen, Zuo-Jun Max},
	title = {Real-Time Delivery Time Forecasting and Promising in Online Retailing: When Will Your Package Arrive?},
	year = {2020},
	month = {09},
	day = {28},
	url = {http://dx.doi.org/10.2139/ssrn.3701337}	
}
@article{psaraftis,
	author = {Psaraftis, Harilaos N. and Wen, Min and Kontovas, Christos A.},
	title = {Dynamic vehicle routing problems: Three decades and counting},
	journal = {Networks},
	volume = {67},
	number = {1},
	pages = {3-31},
	keywords = {dynamic vehicle routing, online vehicle routing, stochastic vehicle routing},
	doi = {https://doi.org/10.1002/net.21628},
	url = {https://onlinelibrary.wiley.com/doi/abs/10.1002/net.21628},
	eprint = {https://onlinelibrary.wiley.com/doi/pdf/10.1002/net.21628},
	year = {2016}
}
@book{Bishop,
	author = {Bishop, Christopher M.},
	title = {Pattern Recognition and Machine Learning (Information Science and Statistics)},
	year = {2006},
	isbn = {0387310738},
	publisher = {Springer-Verlag},
	address = {Berlin, Heidelberg}
}
@unpublished{SLFoundations,
	author = {Wolf, Michael M.},
	title = {Mathematical Foundations of supervised learning},
	year = {2020},
	url = {https://www-m5.ma.tum.de/foswiki/pub/M5/Allgemeines/MA4801_2020S/ML_notes_main.pdf},		
}

Arrival Time estimation from problem pov:
@article{Li2010,
	title = "Vehicle routing problems with time windows and stochastic travel and service times: Models and algorithm",
	journal = "International Journal of Production Economics",
	volume = "125",
	number = "1",
	pages = "137 - 145",
	year = "2010",
	issn = "0925-5273",
	doi = "https://doi.org/10.1016/j.ijpe.2010.01.013",
	url = "http://www.sciencedirect.com/science/article/pii/S092552731000023X",
	author = "Xiangyong Li and Peng Tian and Stephen C.H. Leung",
}
@article{Zhang2013,
	author = {Zhang, J. and Lam, William and Chen, Bi Yu},
	year = {2013},
	month = {05},
	pages = {},
	title = {A Stochastic Vehicle Routing Problem with Travel Time Uncertainty: Trade-Off Between Cost and Customer Service},
	volume = {In press},
	journal = {Networks and Spatial Economics},
	doi = {10.1007/s11067-013-9190-x}
}


	